@misc{APPLI,
    author          = {GreenScrum},
    title           = {lstopo - Show the topology of the system provides a detailed explanation of the hwloc system},
    howpublished    = {\url{http://vps259935.ovh.net:3000/ped}},
    note            = {}
    
}


@misc{BITBUCKET,
    howpublished    = {\url{https://bitbucket.org/berguizzz/ped_green}}
   
}

@misc{ICESCRUM,
    
    howpublished    = {\url{http://vps166100.ovh.net:54321/m2scrum/p/LSTOPO}}
   
}










